@book{主参考书,
    author      = "尼曼",
    translator  = "赵毅强 and 姚素英 and 史再峰",
    title       = "半导体物理与器件",
    edition     = 4,
    year        = 2018,
    isbn        = "978-7-121-34321-6",
    publisher   = "电子工业出版社",
    address     = "北京"
}

@book{副参考书,
    author      = "刘恩科 and 朱秉升 and 罗晋生",
    title       = "半导体物理学",
    edition     = 7,
    year        = 2017,
    isbn        = "978-7-121-32007-1",
    publisher   = "电子工业出版社",
    address     = "北京"
}

@misc{wiki:镜像法,
    mark = "Z",
    author = "维基百科",
    title = "鏡像法 --- 维基百科{,} 自由的百科全书",
    year = "2022",
    url = "https://zh.wikipedia.org/w/index.php?title=%E9%8F%A1%E5%83%8F%E6%B3%95&oldid=75121561",
    date = "2022-12-19",
    urldate = "2023-08-31"
}

@misc {se:BJT饱和,
    mark = "Z",
    title = {Why is saturation region called so in BJT characteristics?},
    author = "{Stack Exchange}",
    url = {https://electronics.stackexchange.com/q/240912},
    date = "2016-06-14",
    urldate = "2023-10-01"
}

@misc{wiki:双极性晶体管,
    author = "维基百科",
    title = "双极性晶体管 --- 维基百科{,} 自由的百科全书",
    year = "2023",
    url = "{https://zh.wikipedia.org/w/index.php?title=%E5%8F%8C%E6%9E%81%E6%80%A7%E6%99%B6%E4%BD%93%E7%AE%A1&oldid=77770588}",
    date = "2023-06-21",
    urldate = "2023-10-06"
}